@Book{Eric:1999,
  author       = "Eric S. Raymond",
  title        = "The Cathedral \& the Bazaar",
  publisher    = "O'Reilly",
  year         = "1999",
  ISBN         = "1-56592-724-9",
  pages        = "217",
  language     = "english"
}

@Book{Rey:2005,
  author       = "Ray Lischner",
  title        = "C++ in a Nutshell",
  publisher    = "O'Reilly",
  year         = "2005",
  ISBN         = "",
  pages        = "",
  language     = "russian"
}

@Book{Mih:0000,
  author       = "C.~C.~Михалкович",
  title        = "Язык~C++.~Указатели~и~ссылки.",
  pages        = "40",
  language     = "russian"
}

@Misc {Mironov:ModelChecking,
  author       = "А.~М.~Миронов",
  title        = "Верификация~методом~Model~Checking",
  pages        = "26"
}

@Misc {Shelekhov:AutomataLanguage,
  author       = "В.~И.~Шелехов",
  title        = "Язык~и~технология~автоматного~программирования"
  note         = "УДК~621.039.564"
}

@Misc {Karpov:AutomataLanguage,
  author       = "В.~Э.~Карпов",
  title        = "Автоматное~программирование~и~робототехника"
}

@Misc {Shalito:AutomataProgramming,
  author       = "А.~А.~Шалыто and Ю.~Ю.~Янкин",
  title        = "Автоматное~программирование~плис~в~задачах~управления~электроприводом"
}

@Misc {Shalito:AutomataProgramming2,
  author       = "А.~А.~Шалыто",
  title        = "АВТОМАТНОЕ ПРОГРАММИРОВАНИЕ",
  note         = "При~поддержке~Министерства~образования~и~науки~Российской~Федерации~в~рамках~научно-исследовательской~работы~по~теме~<<Разработка~технологии~создания~программного~обеспечения~систем~управления~на~основе~автоматного~подхода>>",
  year         = "2006"
}

@Misc {Shalito:ModelChecking,
  author       = "А.~А.~Шалыто and С.~Э.~Вельдер",
  title        = "О~ВЕРИФИКАЦИИ~ПРОСТЫХ~АВТОМАТНЫХ~ПРОГРАММ~НА~ОСНОВЕ~МЕТОДА~MODEL~CHECKING",
  note         = "УДК~681.3.06"
}

@Misc {Shalito:Switch,
  author       = "А.~А.~Шалыто and Н.~И.~Туккель",
  title        = "SWITCH-ТЕХНОЛОГИЯ~—~АВТОМАТНЫЙ~ПОДХОД~К~СОЗДАНИЮ~ПРОГРАММНОГО~ОБЕСПЕЧЕНИЯ~<<РЕАКТИВНЫХ>>~СИСТЕМ",
  year         = "2000"
}

@Misc {Lagunov:FSML,
  author       = "И.~А.~Лагунов",
  title        = "ТЕКСТОВЫЙ~ЯЗЫК~АВТОМАТНОГО~ПРОГРАММИРОВАНИЯ~FSML~ДЛЯ~ИНСТРУМЕНТАЛЬНОГО~СРЕДСТВА~UNIMOD",
  note         = "УДК~004.432.4",
  year         = "2000"
}

@Misc{CPlusPlusSite,
  title = "The \texttt{C++} Resources Network",
  url = "http://cplusplus.com",
  note = "\url{http://cplusplus.com}"
}

@Misc{EWDijkstra:123,
  title = "Preliminar Version of specification",
  author = "Prof.dr. Edsger W. Dijkstra",
  note = "\url{http://www.cs.utexas.edu/users/EWD/ewd01xx/EWD123.PDF}"
}

@Misc{EWDijkstra:310,
  title = "Hierarchical Ordening of Sequential Process",
  author = "Prof.dr. Edsger W. Dijkstra",
  note = "\url{http://www.cs.utexas.edu/users/EWD/ewd03xx/EWD310.PDF}"
}

@Misc{EWDijkstra:1000,
  title = "Twentry-eight years",
  author = "Prof.dr. Edsger W. Dijkstra",
  note = "\url{http://www.cs.utexas.edu/users/EWD/ewd10xx/EWD1000.PDF}"
}

@Misc{Hoare:2004,
  title = "Communicating Sequential Process",
  author = "C. A. R. Hoare",
  year = "2004",
  pages = "260",
  note = "\url{http://www.usingcsp.com/cspbook.pdf}"
}

@Article{Hoare:1974,
  title = "Monitors: an operating system structuring concept",
  journal = "Communications of the ACM",
  author = "C. A. R. Hoare",
  year = "1974",
  pages = "549--557"
}

@Article{Buhr:1995,
  title = "Monitor classification",
  journal = "ACM Computing Surveys",
  author = "Peter A. Buhr, Michel Fortier, Michel H. Coffin",
  year = "1995",
  pages = "63--102"
}

@Book{Andrews:2003,
  author       = "Gregory R. Andrews",
  title        = "Foundations of Multithreaded, Parallel, and Distributed Programming",
  publisher    = "Addison-Wesley",
  year         = "2000",
  ISBN         = "0-2013-5752-6",
  pages        = "512",
  language     = "english"
}

@Misc{POSIX:BS2000,
  author      = {Fujitsu Technology Solutions},
  title       = {POSIX},
  year        = {2009},
  note        = {\url{http://manuals.ts.fujitsu.com/file/8866/posix_g.pdf}},
  url         = {http://manuals.ts.fujitsu.com/file/8866/posix_g.pdf},
  language    = {english}
}

@Misc{Alessandra:2014,
  title = "SPIN: Introduction and Examples",
  note = "Formal Methods Lab Class, September 28, 2014",
  author = "Alessandra Giordani",
  year = "2014",
  pages = "63--102"
}

@Misc{Promela:Wiki,
  title = "Promela",
  author = "Unknown",
  note = "\url{https://en.wikipedia.org/wiki/Promela}",
  pages = "1"
}
